<?xml version="1.0" encoding="UTF-8"?><collection xmlns="http://www.loc.gov/MARC21/slim"><record><leader>00441nam--2200133-i-4500</leader><controlfield tag="001">000021153</controlfield><controlfield tag="002">20161230</controlfield><controlfield tag="005">20161230201034</controlfield><controlfield tag="008">060222s1000------------r-----000-0-eng-d</controlfield><datafield ind1=" " ind2=" " tag="080"><subfield code="a">061.3:621.391</subfield></datafield><datafield ind1=" " ind2=" " tag="245"><subfield code="a">Information theory. papers read at a symposium on inf.theory held at the royal inst., london, september 12th to 16 th 1955</subfield></datafield><datafield ind1=" " ind2=" " tag="260"><subfield code="a">London, Butterworths Scientific Publ., 1956. Xii + 401p</subfield></datafield><datafield ind1=" " ind2=" " tag="700"><subfield code="a">Colin Cherry</subfield></datafield><datafield ind1=" " ind2=" " tag="852"><subfield code="a">12068</subfield></datafield></record></collection>